@article{bowling2002multiagent,
  title={Multiagent learning using a variable learning rate},
  author={Bowling, Michael and Veloso, Manuela},
  journal={Artificial Intelligence},
  volume={136},
  number={2},
  pages={215--250},
  year={2002},
  publisher={Elsevier}
}
@article{balduzzi2019open,
  title={Open-ended Learning in Symmetric Zero-sum Games},
  author={Balduzzi, David and Garnelo, Marta and Bachrach, Yoram and Czarnecki, Wojciech M and Perolat, Julien and Jaderberg, Max and Graepel, Thore},
  journal={arXiv preprint arXiv:1901.08106},
  year={2019}
}
@misc{OpenAI_dota,
  title = {OpenAI Five},
  author = {OpenAI},
  howpublished = {https://blog.openai.com/openai-five/},
  year = {2018}
}
@article{schulman2017proximal,
  title={Proximal policy optimization algorithms},
  author={Schulman, John and Wolski, Filip and Dhariwal, Prafulla and Radford, Alec and Klimov, Oleg},
  journal={arXiv preprint arXiv:1707.06347},
  year={2017}
}
@article{bansal2017emergent,
  title={Emergent complexity via multi-agent competition},
  author={Bansal, Trapit and Pachocki, Jakub and Sidor, Szymon and Sutskever, Ilya and Mordatch, Igor},
  journal={arXiv preprint arXiv:1710.03748},
  year={2017}
}
@inproceedings{schulman2015trust,
  title={Trust region policy optimization},
  author={Schulman, John and Levine, Sergey and Abbeel, Pieter and Jordan, Michael and Moritz, Philipp},
  booktitle={International Conference on Machine Learning},
  pages={1889--1897},
  year={2015}
}
